

@DocuShare{Document-13760,
author =       {R. McKercher},
title =        {Travel Request Instructions},
year =         {2012}, 
month =        {sep}, 
handle =       {Document-13760},
}

@DocuShare{LSE-159,
author =       {George Angeli },
title =        {Reviews Definitions, Guidelines, and Procedures },
year =         {2013}, 
month =        {sep}, 
handle =       {LSE-159},
}



@DocuShare{LSE-72,
author =       {},
title =        {OCS Command Dictionary for Data Management },
year =         {}, 
month =       {}, 
handle =       {LSE-72},
}

@DocuShare{LSE-75,
author =       {},
title =        {Control System Interfaces between the Telescope and Data Management },
year =         {}, 
month =        {}, 
handle =       {LSE-75},
}



@DocuShare{LSE-76,
author =       {},
title =        {Infrastructure Interfaces between Summit Facility and Data Management},
year =        {}, 
month =       {} , 
handle =       {LSE-76},
}
@DocuShare{LSE-77,
author =       {},
title =        { Infrastructure Interfaces between Base Facility and Data Management},
year =        {} , 
month =       {} , 
handle =       {LSE-77},
}
@DocuShare{LSE-130,
author =       {},
title =        { List of Data Items to be Exchanged Between the Camera and Data Management},
year =        {} , 
month =       {} , 
handle =       {LSE-130},
}
@DocuShare{LSE-131,
author =       {},
title =        {Data Management Interface Requirements to Support Education and Public Outreach},
year =        {} , 
month =       {} , 
handle =       {LSE-131},
}

@DocuShare{LSE-140,
author =       {},
title =        {Auxiliary Instrumentation Interface between Data Management and Telescope},
year =        {} , 
month =       {} , 
handle =       {LSE-140},
}
